@article{hwang2018probabilistic,
  title={Probabilistic analysis of the (1+ 1)-evolutionary algorithm},
  author={Hwang, Hsien-Kuei and Panholzer, Alois and Rolin, Nicolas and Tsai, Tsung-Hsi and Chen, Wei-Mei},
  journal={Evolutionary computation},
  volume={26},
  number={2},
  pages={299--345},
  year={2018},
  publisher={MIT Press}
}
