@article{DBLP:journals/corr/HansenABTT16,
  author    = {Nikolaus Hansen and
               Anne Auger and
               Dimo Brockhoff and
               Dejan Tusar and
               Tea Tusar},
  title     = {{COCO:} Performance Assessment},
  journal   = {CoRR},
  volume    = {abs/1605.03560},
  year      = {2016},
  url       = {http://arxiv.org/abs/1605.03560},
  archivePrefix = {arXiv},
  eprint    = {1605.03560},
  timestamp = {Wed, 07 Jun 2017 14:40:12 +0200},
  biburl    = {http://dblp.org/rec/bib/journals/corr/HansenABTT16},
  bibsource = {dblp computer science bibliography, http://dblp.org}
}
